Date,Amount,Target,Balance
31/12/2022,"-17.50","HungryPanda AU Melbourne CBD AU AUS Card xx5767 Value Date: 29/12/2022","+10729.68"
30/12/2022,"-104.00","TheGamesCapital 38 Garema PlaAU","+10747.18"
30/12/2022,"-500.00","TOP USED CARS PTY LTD FYSHWICK AU","+10851.18"
30/12/2022,"-0.99","OFFICEWORKS 0261 FYSHWICACT AU","+11351.18"
29/12/2022,"-49.99","Riot* LO2LAB9X38Q2 Dublin IR IRL Card xx5767 AUD 49.99 Value Date: 24/12/2022","+11352.17"
29/12/2022,"-34.99","eBay O*10-09506-13194 Sydney AU AUS Card xx5767 Value Date: 25/12/2022","+11402.16"
29/12/2022,"-34.77","eBay O*16-09505-24348 Sydney AU AUS Card xx5767 Value Date: 26/12/2022","+11437.15"
29/12/2022,"-19.96","HungryPanda AU Melbourne CBD AU AUS Card xx5767 Value Date: 27/12/2022","+11471.92"
28/12/2022,"-2.00","BIG W 0122 CANBERRA ACT AU","+11491.88"
27/12/2022,"-11.20","DAILY MARKET CANBERRA AU","+11493.88"
26/12/2022,"-59.90","CHEMIST ON NORTHBOUR CANBERRA AU","+11505.08"
26/12/2022,"-53.82","OFFICEWORKS 0262 BRADDON AU","+11564.98"
26/12/2022,"-39.62","COLES 4787 CANBERRA AU","+11618.80"
24/12/2022,"-11.90","BROGER ACTON ACTAU","+11658.42"
24/12/2022,"-24.20","WILD PANDA AUSTRALIA VI AUS Card xx5767 Value Date: 22/12/2022","+11670.32"
23/12/2022,"-3.00","Allwest Vending Emu HeightNSWAU","+11694.52"
23/12/2022,"-43.64","THIRSTY CAMEL DAILY ACTON AU","+11697.52"
23/12/2022,"-1.35","THIRSTY CAMEL DAILY ACTON AC AUS Card xx5767 Value Date: 21/12/2022","+11741.16"
23/12/2022,"-3.99","THIRSTY CAMEL DAILY ACTON AC AUS Card xx5767 Value Date: 21/12/2022","+11742.51"
23/12/2022,"-11.89","STEAMGAMES.COM 4259522 Hamburg DE DEU Card xx5767 AUD 11.89 Value Date: 20/12/2022","+11746.50"
23/12/2022,"+2.26","Return SupportPDFfiller.com 855-750-1663 MA USA Card xx5767 USD 1.50 Value Date: 21/12/2022","+11758.39"
23/12/2022,"-44.41","VIVA LEISURE MITCHELL AUS Card xx5767 Value Date: 22/12/2022","+11756.13"
22/12/2022,"-50.00","Transfer To Joe CommBank App lunch","+11800.54"
22/12/2022,"-369.00","Better Music Phillip AU","+11850.54"
21/12/2022,"-10.00","Transfer To J LUO PayID Phone from CommBank App _ __","+12219.54"
21/12/2022,"-21.00","Transfer To Joe CommBank App lunch","+12229.54"
21/12/2022,"-0.07","International Transaction Fee Value Date: 19/12/2022","+12250.54"
21/12/2022,"-2.25","SupportPDFfiller.com 855-750-1663 MA USA Card xx5767 USD 1.50 Value Date: 19/12/2022","+12250.61"
21/12/2022,"-0.09","International Transaction Fee Value Date: 15/12/2022","+12252.86"
21/12/2022,"-3.02","DLSITE TOKYO JP JPN Card xx5767 JPY 280 Value Date: 15/12/2022","+12252.95"
21/12/2022,"-15.69","THIRSTY CAMEL DAILY ACTON AC AUS Card xx5767 Value Date: 18/12/2022","+12255.97"
21/12/2022,"-79.95","Nintendo CA882480165 Scoresby AU AUS Card xx5767 Value Date: 19/12/2022","+12271.66"
20/12/2022,"-11.85","WOOLWORTHS 1139 BELCONNEN AU AUS Card xx5767 Value Date: 16/12/2022","+12351.61"
20/12/2022,"-20.50","BIG W 0122 CANBERRA AU AUS Card xx5767 Value Date: 16/12/2022","+12363.46"
20/12/2022,"-54.95","EB GAMES CANBERRA AUS Card xx5767 Value Date: 16/12/2022","+12383.96"
20/12/2022,"-99.00","JB HI FI CANBERRA CI CANBERRA AC AUS Card xx5767 Value Date: 16/12/2022","+12438.91"
20/12/2022,"-5.00","BIG W 0122 CANBERRA AU AUS Card xx5767 Value Date: 17/12/2022","+12537.91"
20/12/2022,"-59.00","BIG W 0122 CANBERRA AU AUS Card xx5767 Value Date: 17/12/2022","+12542.91"
19/12/2022,"-6.50","The Food Co-op Shop a Canberra AU","+12601.91"
19/12/2022,"-42.28","DAILY MARKET CANBERRA AU Card xx5767","+12608.41"
17/12/2022,"-18.98","THIRSTY CAMEL DAILY ACTON AC AUS Card xx5767 Value Date: 15/12/2022","+12650.69"
17/12/2022,"-36.00","COLES 0779 BELCONNEN AU AUS Card xx5767 Value Date: 15/12/2022","+12669.67"
16/12/2022,"-7.40","DAILY MARKET CANBERRA AU Card xx5767","+12705.67"
16/12/2022,"-73.01","DAILY MARKET CANBERRA AU","+12713.07"
16/12/2022,"-11.80","MASTER HIN BELCONNEN AU Card xx5767","+12786.08"
16/12/2022,"-8.18","FOOD ODYSSEY OPERATION CANBERRA AU Card xx5767","+12797.88"
16/12/2022,"-16.99","Netflix.com Melbourne VI AUS Card xx5767 Value Date: 15/12/2022","+12806.06"
15/12/2022,"-12.00","SOCIETY OF ST VINCENT BELCONNEN AU Card xx5767","+12823.05"
15/12/2022,"-8.16","SUSHI SUSHI BELCONNEN BELCONNEN AU Card xx5767","+12835.05"
15/12/2022,"-11.28","THIRSTY CAMEL DAILY ACTON AC AUS Card xx5767 Value Date: 13/12/2022","+12843.21"
13/12/2022,"-22.00","Australia Post Melbourne VICAU","+12854.49"
13/12/2022,"-75.60","Australia Post Melbourne VICAU","+12876.49"
13/12/2022,"-19.02","DON JAPANESE CANBERRA AUSTRALIA VI AUS Card xx5767 Value Date: 11/12/2022","+12952.09"
13/12/2022,"-22.00","BlocHaus Canberra Canberra AU AUS Card xx5767 Value Date: 11/12/2022","+12971.11"
13/12/2022,"-43.95","STEAMGAMES.COM 4259522 Hamburg DE DEU Card xx5767 AUD 43.95 Value Date: 10/12/2022","+12993.11"
09/12/2022,"-1.33","STEAMGAMES.COM 4259522 Hamburg DE DEU Card xx5767 AUD 1.33 Value Date: 06/12/2022","+13037.06"
09/12/2022,"-44.41","VIVA LEISURE MITCHELL AUS Card xx5767 Value Date: 08/12/2022","+13038.39"
07/12/2022,"-15.15","Transfer To Joe CommBank App lunch","+13082.80"
07/12/2022,"-7.49","THIRSTY CAMEL DAILY ACTON AC AUS Card xx5767 Value Date: 03/12/2022","+13097.95"
07/12/2022,"-30.00","TELSTRA PREPAID MELBOURNE AUS Card xx5767 Value Date: 06/12/2022","+13105.44"
06/12/2022,"-389.00","Transfer To K AHMED PayID Phone from CommBank App Computer 3","+13135.44"
06/12/2022,"-500.00","Transfer To K AHMED PayID Phone from CommBank App Computer2","+13524.44"
06/12/2022,"-500.00","Transfer To K AHMED PayID Phone from CommBank App Computer1","+14024.44"
06/12/2022,"-16.87","THIRSTY CAMEL DAILY ACTON AC AUS Card xx5767 Value Date: 02/12/2022","+14524.44"
06/12/2022,"-4.99","THIRSTY CAMEL DAILY ACTON AC AUS Card xx5767 Value Date: 02/12/2022","+14541.31"
06/12/2022,"-40.17","DON JAPANESE CANBERRA AUSTRALIA VI AUS Card xx5767 Value Date: 04/12/2022","+14546.30"
06/12/2022,"-28.00","BIG W 0122 CANBERRA AU AUS Card xx5767 Value Date: 04/12/2022","+14586.47"
04/12/2022,"-47.55","CHEMIST ON NORTHBOUR CANBERRA AU Card xx5767","+14614.47"
02/12/2022,"-2.19","THIRSTY CAMEL DAILY ACTON AC AUS Card xx5767 Value Date: 30/11/2022","+14662.02"
02/12/2022,"-8.50","SMP*Guild House Canberra AU AUS Card xx5767 Value Date: 30/11/2022","+14664.21"
01/12/2022,"-30.10","COLES 0779 BELCONNEN AU AUS Card xx5767 Value Date: 29/11/2022","+14672.71"
01/12/2022,"-40.90","Revolution CD Belconn Belconnen AC AUS Card xx5767 Value Date: 29/11/2022","+14702.81"
01/12/2022,"-4.47","SMP*TFC Sushi San Belconnen AU AUS Card xx5767 Value Date: 29/11/2022","+14743.71"
30/11/2022,"-2.89","THIRSTY CAMEL DAILY ACTON AC AUS Card xx5767 Value Date: 27/11/2022","+14748.18"
29/11/2022,"+6.00","Fast Transfer From JIAHE QIAN ___","+14751.07"
29/11/2022,"-12.00","BIG W 0122 CANBERRA AU AUS Card xx5767 Value Date: 25/11/2022","+14745.07"
29/11/2022,"-89.95","Nintendo CA866944130 Scoresby AU AUS Card xx5767 Value Date: 26/11/2022","+14757.07"
29/11/2022,"-5.99","VIA DOLCE CANBERRA AU AUS Card xx5767 Value Date: 25/11/2022","+14847.02"
27/11/2022,"-3.80","DAILY MARKET CANBERRA AU Card xx5767","+14853.01"
26/11/2022,"-22.25","THIRSTY CAMEL DAILY ACTON AC AUS Card xx5767 Value Date: 24/11/2022","+14856.81"
26/11/2022,"-54.99","TheGamesCapital Canberra AC AUS Card xx5767 Value Date: 23/11/2022","+14879.06"
26/11/2022,"-23.98","H&M Canberra AU0028 Canberra AC AUS Card xx5767 Value Date: 23/11/2022","+14934.05"
25/11/2022,"+32.50","Fast Transfer From ZEXUAN LIU Dinner today","+14958.03"
25/11/2022,"-10.30","RICE&NORI CANBERRA AU","+14925.53"
25/11/2022,"-47.00","BIG W 0122 CANBERRA AU AUS Card xx5767 Value Date: 23/11/2022","+14935.83"
25/11/2022,"-3.75","BIG W 0122 CANBERRA AU AUS Card xx5767 Value Date: 23/11/2022","+14982.83"
25/11/2022,"-17.09","DON JAPANESE CANBERRA AUSTRALIA VI AUS Card xx5767 Value Date: 23/11/2022","+14986.58"
25/11/2022,"-100.00","STEAM PURCHASE SEATTLE DE DEU Card xx5767 AUD 100.00 Value Date: 21/11/2022","+15003.67"
25/11/2022,"-44.41","VIVA LEISURE MITCHELL AUS Card xx5767 Value Date: 24/11/2022","+15103.67"
24/11/2022,"+32.50","Fast Transfer From MR XIAOJU MA CREDIT TO ACCOUNT","+15148.08"
24/11/2022,"+32.50","Fast Transfer From JIXUAN LI Dinner","+15115.58"
24/11/2022,"+32.50","Fast Transfer From TINGTING LU Dinner Ting","+15083.08"
24/11/2022,"-194.60","HAPPY PANDA AUSTRALIA CANBERRA AU","+15050.58"
24/11/2022,"-220.00","Transfer To Driving coach CommBank App Driving","+15245.18"
24/11/2022,"-2.89","THIRSTY CAMEL DAILY ACTON AC AUS Card xx5767 Value Date: 22/11/2022","+15465.18"
24/11/2022,"-31.44","STEAMGAMES.COM 4259522 Hamburg DE DEU Card xx5767 AUD 31.44 Value Date: 21/11/2022","+15468.07"
23/11/2022,"+146.67","Salary ANU 7241110","+15499.51"
19/11/2022,"-10.30","SUPERMART CANBERRA AUS Card xx5767 Value Date: 16/11/2022","+15352.84"
18/11/2022,"-8.85","DON JAPANESE CANBERRA AUSTRALIA VI AUS Card xx5767 Value Date: 16/11/2022","+15363.14"
18/11/2022,"-19.02","DON JAPANESE CANBERRA AUSTRALIA VI AUS Card xx5767 Value Date: 16/11/2022","+15371.99"
18/11/2022,"-43.10","GETQPAY.COM FIVE DOCK NS AUS Card xx5767 Value Date: 16/11/2022","+15391.01"
17/11/2022,"-39.99","STEAM PURCHASE SEATTLE DE DEU Card xx5767 AUD 39.99 Value Date: 13/11/2022","+15434.11"
17/11/2022,"-74.16","STEAM PURCHASE SEATTLE DE DEU Card xx5767 AUD 74.16 Value Date: 13/11/2022","+15474.10"
16/11/2022,"-14.95","CHEMIST ON NORTHBOUR CANBERRA AU Card xx5767","+15548.26"
16/11/2022,"-13.48","THIRSTY CAMEL DAILY ACTON AC AUS Card xx5767 Value Date: 13/11/2022","+15563.21"
16/11/2022,"-2.75","THIRSTY CAMEL DAILY ACTON AC AUS Card xx5767 Value Date: 12/11/2022","+15576.69"
16/11/2022,"-3.49","THIRSTY CAMEL DAILY ACTON AC AUS Card xx5767 Value Date: 12/11/2022","+15579.44"
16/11/2022,"-16.99","Netflix.com Melbourne VI AUS Card xx5767 Value Date: 15/11/2022","+15582.93"
15/11/2022,"-6.00","Coffee Lab ANU ACTON AC AUS Card xx5767 Value Date: 11/11/2022","+15599.92"
15/11/2022,"-5.00","Coffee Lab ANU ACTON AC AUS Card xx5767 Value Date: 11/11/2022","+15605.92"
15/11/2022,"-0.37","International Transaction Fee Value Date: 11/11/2022","+15610.92"
15/11/2022,"-12.45","Hong Kong NetEase Inte Hong Kong HK HKG Card xx5767 USD 7.99 Value Date: 11/11/2022","+15611.29"
15/11/2022,"-11.52","OFFICEWORKS 0262 BRADDON AU AUS Card xx5767 Value Date: 13/11/2022","+15623.74"
15/11/2022,"-23.14","Lanzhou Beef Noodle Ca Canberra AC AUS Card xx5767 Value Date: 12/11/2022","+15635.26"
12/11/2022,"-34.99","CONNOR CLOTHING PTY LT CANBERRA AU","+15658.40"
12/11/2022,"-3.50","THIRSTY CAMEL DAILY ACTON AC AUS Card xx5767 Value Date: 10/11/2022","+15693.39"
12/11/2022,"-11.00","Coffee Lab ANU ACTON AC AUS Card xx5767 Value Date: 10/11/2022","+15696.89"
12/11/2022,"-3.00","Nintendo CA855105921 Scoresby AU AUS Card xx5767 Value Date: 10/11/2022","+15707.89"
11/11/2022,"-14.47","STEAMGAMES.COM 4259522 Hamburg DE DEU Card xx5767 AUD 14.47 Value Date: 08/11/2022","+15710.89"
11/11/2022,"-44.41","VIVA LEISURE MITCHELL AUS Card xx5767 Value Date: 10/11/2022","+15725.36"
10/11/2022,"-30.00","TELSTRA PREPAID MELBOURNE VI AUS Card xx5767 Value Date: 08/11/2022","+15769.77"
09/11/2022,"+342.24","Salary ANU 7241110","+15799.77"
09/11/2022,"-6.96","THIRSTY CAMEL DAILY ACTON AC AUS Card xx5767 Value Date: 07/11/2022","+15457.53"
09/11/2022,"-22.97","THIRSTY CAMEL DAILY ACTON AC AUS Card xx5767 Value Date: 07/11/2022","+15464.49"
09/11/2022,"-3.50","CocaColaEPP Acton AUS Card xx5767 Value Date: 05/11/2022","+15487.46"
08/11/2022,"-20.03","DON JAPANESE CANBERRA AUSTRALIA VI AUS Card xx5767 Value Date: 05/11/2022","+15490.96"
08/11/2022,"-4.50","Coffee Lab ANU ACTON AC AUS Card xx5767 Value Date: 05/11/2022","+15510.99"
04/11/2022,"-3.68","THIRSTY CAMEL DAILY ACTON AC AUS Card xx5767 Value Date: 02/11/2022","+15515.49"
03/11/2022,"-41.86","THIRSTY CAMEL DAILY ACTON AC AUS Card xx5767 Value Date: 01/11/2022","+15519.17"
03/11/2022,"-5.70","CantaloupeSystemsAustr Albion QL AUS Card xx5767 Value Date: 31/10/2022","+15561.03"
02/11/2022,"-12.79","THIRSTY CAMEL DAILY ACTON AC AUS Card xx5767 Value Date: 30/10/2022","+15566.73"
01/11/2022,"-69.95","EB GAMES BELCONNEN ACTAU","+15579.52"
01/11/2022,"-15.87","DON JAPANESE CANBERRA AUSTRALIA VI AUS Card xx5767 Value Date: 28/10/2022","+15649.47"
01/11/2022,"-62.90","Revolution CD Belconn Belconnen AC AUS Card xx5767 Value Date: 28/10/2022","+15665.34"
01/11/2022,"-51.10","ACCESS CANB SHOPFRONT BELCONNEN AUS Card xx5767 Value Date: 28/10/2022","+15728.24"
01/11/2022,"-0.32","International Transaction Fee Value Date: 26/10/2022","+15779.34"
01/11/2022,"-10.55","DLSITE TOKYO JP JPN Card xx5767 JPY 990 Value Date: 26/10/2022","+15779.66"
29/10/2022,"-6.99","THIRSTY CAMEL DAILY ACTON AC AUS Card xx5767 Value Date: 27/10/2022","+15790.21"
28/10/2022,"-219.98","TAROCASH PTY LTD 163 BELCONNEN AU","+15797.20"
28/10/2022,"-31.00","WORKWEAR OUTLET FYSHWICK AU","+16017.18"
28/10/2022,"-9.99","CLUB LIME ANU ACTON AC AUS Card xx5767 Value Date: 26/10/2022","+16048.18"
28/10/2022,"-44.41","VIVA LEISURE MITCHELL AUS Card xx5767 Value Date: 27/10/2022","+16058.17"
27/10/2022,"-7.50","DAILY MARKET CANBERRA AU Card xx5767","+16102.58"
27/10/2022,"-6.99","THIRSTY CAMEL DAILY ACTON AC AUS Card xx5767 Value Date: 25/10/2022","+16110.08"
26/10/2022,"+366.69","Salary ANU 7241110","+16117.07"
26/10/2022,"-20.95","DON JAPANESE CANBERRA AUSTRALIA VI AUS Card xx5767 Value Date: 24/10/2022","+15750.38"
26/10/2022,"-4.80","THIRSTY CAMEL DAILY ACTON AC AUS Card xx5767 Value Date: 24/10/2022","+15771.33"
26/10/2022,"-56.95","STEAM PURCHASE SEATTLE DE DEU Card xx5767 AUD 56.95 Value Date: 20/10/2022","+15776.13"
26/10/2022,"-5.99","THIRSTY CAMEL DAILY ACTON AC AUS Card xx5767 Value Date: 23/10/2022","+15833.08"
25/10/2022,"-1.99","THIRSTY CAMEL DAILY ACTON AC AUS Card xx5767 Value Date: 21/10/2022","+15839.07"
25/10/2022,"-59.57","HAPPY PANDA AUSTRALIA CANBERRA AUS Card xx5767 Value Date: 21/10/2022","+15841.06"
25/10/2022,"-9.75","UBER *TRIP Sydney AU AUS Card xx5767 Value Date: 22/10/2022","+15900.63"
25/10/2022,"-1.00","UBER *TRIP Sydney AU AUS Card xx5767 Value Date: 22/10/2022","+15910.38"
25/10/2022,"-9.49","UBER *TRIP Sydney AU AUS Card xx5767 Value Date: 22/10/2022","+15911.38"
22/10/2022,"+30.00","Fast Transfer From JIAHE QIAN Saw word new new","+15920.87"
22/10/2022,"-19.96","THIRSTY CAMEL DAILY ACTON AC AUS Card xx5767 Value Date: 20/10/2022","+15890.87"
21/10/2022,"+9985.00","YIN HUA. REF 2022102100033887","+15910.83"
20/10/2022,"-20.95","DON JAPANESE CANBERRA AUSTRALIA VI AUS Card xx5767 Value Date: 18/10/2022","+5925.83"
20/10/2022,"-4.80","THIRSTY CAMEL DAILY ACTON AC AUS Card xx5767 Value Date: 18/10/2022","+5946.78"
19/10/2022,"-15.79","THIRSTY CAMEL DAILY ACTON AC AUS Card xx5767 Value Date: 15/10/2022","+5951.58"
19/10/2022,"-28.49","THIRSTY CAMEL DAILY ACTON AC AUS Card xx5767 Value Date: 16/10/2022","+5967.37"
19/10/2022,"-33.50","SUSHI MUSA PHILLIP AC AUS Card xx5767 Value Date: 15/10/2022","+5995.86"
18/10/2022,"-16.99","Netflix.com Melbourne VI AUS Card xx5767 Value Date: 15/10/2022","+6029.36"
18/10/2022,"-6.99","THIRSTY CAMEL DAILY ACTON AC AUS Card xx5767 Value Date: 14/10/2022","+6046.35"
18/10/2022,"-43.00","COLES 0848 PHILLIP AU AUS Card xx5767 Value Date: 15/10/2022","+6053.34"
17/10/2022,"-4.50","RAIMERAH PTY LTD ACTON AU","+6096.34"
16/10/2022,"-24.59","Transfer To Joe CommBank App Bill","+6100.84"
15/10/2022,"-9.99","THIRSTY CAMEL DAILY ACTON AC AUS Card xx5767 Value Date: 13/10/2022","+6125.43"
15/10/2022,"-21.50","CAFE MILLIGRAM KAMBR ACTON AC AUS Card xx5767 Value Date: 13/10/2022","+6135.42"
14/10/2022,"-3.20","CantaloupeSystemsAustr Albion QL AUS Card xx5767 Value Date: 12/10/2022","+6156.92"
14/10/2022,"-22.89","THIRSTY CAMEL DAILY ACTON AC AUS Card xx5767 Value Date: 12/10/2022","+6160.12"
14/10/2022,"-44.41","VIVA LEISURE MITCHELL AUS Card xx5767 Value Date: 13/10/2022","+6183.01"
13/10/2022,"-8.85","DON JAPANESE CANBERRA AUSTRALIA VI AUS Card xx5767 Value Date: 11/10/2022","+6227.42"
13/10/2022,"-19.02","DON JAPANESE CANBERRA AUSTRALIA VI AUS Card xx5767 Value Date: 11/10/2022","+6236.27"
13/10/2022,"-24.90","UNIVERSITY PHARMACY ACTON AC AUS Card xx5767 Value Date: 11/10/2022","+6255.29"
13/10/2022,"-30.00","TELSTRA PREPAID MELBOURNE VI AUS Card xx5767 Value Date: 11/10/2022","+6280.19"
12/10/2022,"+50.00","Fast Transfer From JIAHE QIAN Saw word new new","+6310.19"
12/10/2022,"-11.99","THIRSTY CAMEL DAILY ACTON AC AUS Card xx5767 Value Date: 10/10/2022","+6260.19"
12/10/2022,"-12.25","THIRSTY CAMEL DAILY ACTON AC AUS Card xx5767 Value Date: 09/10/2022","+6272.18"
12/10/2022,"-4.50","RAIMERAH PTY LTD ACTON AUS Card xx5767 Value Date: 10/10/2022","+6284.43"
11/10/2022,"-9.31","International Transaction Fee Value Date: 07/10/2022","+6288.93"
11/10/2022,"-310.42","PAUL DAVIDS GUITAR BURBANK CA USA Card xx5767 USD 199.00 Value Date: 07/10/2022","+6298.24"
11/10/2022,"-89.95","Nintendo CA838453276 Scoresby AU AUS Card xx5767 Value Date: 09/10/2022","+6608.66"
11/10/2022,"-3.20","CantaloupeSystemsAustr Albion QL AUS Card xx5767 Value Date: 08/10/2022","+6698.61"
11/10/2022,"-14.49","THIRSTY CAMEL DAILY ACTON AC AUS Card xx5767 Value Date: 07/10/2022","+6701.81"
11/10/2022,"-30.00","Nintendo CA838453506 Scoresby AU AUS Card xx5767 Value Date: 09/10/2022","+6716.30"
08/10/2022,"-168.26","OFFICEWORKS 0262 BRADDON AU AUS Card xx5767 Value Date: 06/10/2022","+6746.30"
08/10/2022,"-0.27","International Transaction Fee Value Date: 03/10/2022","+6914.56"
08/10/2022,"-9.04","DLSITE TOKYO JP JPN Card xx5767 JPY 841 Value Date: 03/10/2022","+6914.83"
07/10/2022,"-1.70","EMART CANBERRA CANBERRA AU AUS Card xx5767 Value Date: 04/10/2022","+6923.87"
07/10/2022,"-10.79","THIRSTY CAMEL DAILY ACTON AC AUS Card xx5767 Value Date: 05/10/2022","+6925.57"
06/10/2022,"-13.02","DON JAPANESE CANBERRA AUSTRALIA VI AUS Card xx5767 Value Date: 04/10/2022","+6936.36"
06/10/2022,"-14.23","THIRSTY CAMEL DAILY ACTON AC AUS Card xx5767 Value Date: 04/10/2022","+6949.38"
05/10/2022,"-3.20","CantaloupeSystemsAustr Albion QL AUS Card xx5767 Value Date: 03/10/2022","+6963.61"
04/10/2022,"-17.80","DON JAPANESE CANBERRA AUSTRALIA VI AUS Card xx5767 Value Date: 01/10/2022","+6966.81"
04/10/2022,"-1.93","DON JAPANESE CANBERRA AUSTRALIA VI AUS Card xx5767 Value Date: 01/10/2022","+6984.61"
04/10/2022,"-11.60","EMART CANBERRA CANBERRA AU AUS Card xx5767 Value Date: 01/10/2022","+6986.54"
01/10/2022,"-10.59","THIRSTY CAMEL DAILY ACTON AC AUS Card xx5767 Value Date: 29/09/2022","+6998.14"
30/09/2022,"-44.41","VIVA LEISURE MITCHELL AUS Card xx5767 Value Date: 29/09/2022","+7008.73"
29/09/2022,"-14.95","DON JAPANESE CANBERRA AUSTRALIA VI AUS Card xx5767 Value Date: 27/09/2022","+7053.14"
29/09/2022,"-12.99","DISCORD* NITROMONTHLY SAN FRANCISCO CA USA Card xx5767 AUD 12.99 Value Date: 27/09/2022","+7068.09"
28/09/2022,"-3.80","Rex Espresso Acton AU","+7081.08"
28/09/2022,"-1.99","THIRSTY CAMEL DAILY ACTON AU","+7084.88"
28/09/2022,"-1.99","THIRSTY CAMEL DAILY ACTON AC AUS Card xx5767 Value Date: 26/09/2022","+7086.87"
28/09/2022,"-17.99","THIRSTY CAMEL DAILY ACTON AC AUS Card xx5767 Value Date: 25/09/2022","+7088.86"
28/09/2022,"-194.25","PINNACLEDRIVINGSCHOOL. MURRUMABATEMA NS AUS Card xx5767 Value Date: 26/09/2022","+7106.85"
28/09/2022,"-15.50","CAFE MILLIGRAM KAMBR ACTON AC AUS Card xx5767 Value Date: 26/09/2022","+7301.10"
27/09/2022,"-17.80","DON JAPANESE CANBERRA AUSTRALIA VI AUS Card xx5767 Value Date: 23/09/2022","+7316.60"
26/09/2022,"-4.50","RAIMERAH PTY LTD ACTON AU","+7334.40"
24/09/2022,"-33.94","THIRSTY CAMEL DAILY ACTON AC AUS Card xx5767 Value Date: 21/09/2022","+7338.90"
24/09/2022,"-5.98","THIRSTY CAMEL DAILY ACTON AC AUS Card xx5767 Value Date: 21/09/2022","+7372.84"
24/09/2022,"-79.00","OFFICEWORKS 0262 BRADDON AU AUS Card xx5767 Value Date: 21/09/2022","+7378.82"
24/09/2022,"-62.95","STEAM PURCHASE SEATTLE DE DEU Card xx5767 AUD 62.95 Value Date: 20/09/2022","+7457.82"
22/09/2022,"-1.95","THIRSTY CAMEL DAILY ACTON AC AUS Card xx5767 Value Date: 20/09/2022","+7520.77"
22/09/2022,"-0.21","International Transaction Fee Value Date: 17/09/2022","+7522.72"
22/09/2022,"-6.84","DLSITE TOKYO JP JPN Card xx5767 JPY 654 Value Date: 17/09/2022","+7522.93"
22/09/2022,"-10.48","SELENA STORE PTY LTD CARLTON AUS Card xx5767 Value Date: 19/09/2022","+7529.77"
21/09/2022,"-17.60","SKYHIGH MT DANDENONG MOUNT DANDENO VI AUS Card xx5767 Value Date: 18/09/2022","+7540.25"
21/09/2022,"-9.58","SELENA STORE PTY LTD CARLTON AUS Card xx5767 Value Date: 18/09/2022","+7557.85"
20/09/2022,"-3.50","RAIMERAH PTY LTD ACTON AU","+7567.43"
20/09/2022,"-0.09","International Transaction Fee Value Date: 13/09/2022","+7570.93"
20/09/2022,"-3.06","DLSITE TOKYO JP JPN Card xx5767 JPY 297 Value Date: 13/09/2022","+7571.02"
20/09/2022,"-7.98","BP TRARALGON 6950 TRARALGON EAS VI AUS Card xx5767 Value Date: 16/09/2022","+7574.08"
20/09/2022,"-0.24","International Transaction Fee Value Date: 14/09/2022","+7582.06"
20/09/2022,"-7.89","DLSITE TOKYO JP JPN Card xx5767 JPY 770 Value Date: 14/09/2022","+7582.30"
19/09/2022,"-122.94","AMPOL TARCUTTA TARCUTTA AU Card xx5767","+7590.19"
18/09/2022,"-19.00","RICH CAPITAL PTY LTD MELBOURNE AU Card xx5767","+7713.13"
17/09/2022,"-10.30","DON DON AUSTRALIA PTY CARLTON AU Card xx5767","+7732.13"
17/09/2022,"-73.60","Nintendo CA823746912 Scoresby AU AUS Card xx5767 Value Date: 15/09/2022","+7742.43"
17/09/2022,"-0.46","International Transaction Fee Value Date: 12/09/2022","+7816.03"
17/09/2022,"-15.48","DLSITE TOKYO JP JPN Card xx5767 JPY 1500 Value Date: 12/09/2022","+7816.49"
17/09/2022,"-0.21","International Transaction Fee Value Date: 12/09/2022","+7831.97"
17/09/2022,"-7.08","DLSITE TOKYO JP JPN Card xx5767 JPY 686 Value Date: 12/09/2022","+7832.18"
16/09/2022,"-8.00","UNITED CANN RIVER CANN RIVER AU","+7839.26"
16/09/2022,"-130.22","CALTEX BOMBALA BOMBALA AU Card xx5767","+7847.26"
16/09/2022,"-9.10","CALTEX BOMBALA BOMBALA AU Card xx5767","+7977.48"
16/09/2022,"-13.12","STEAM PURCHASE SEATTLE DE DEU Card xx5767 AUD 13.12 Value Date: 12/09/2022","+7986.58"
16/09/2022,"-16.99","Netflix.com Melbourne VI AUS Card xx5767 Value Date: 15/09/2022","+7999.70"
16/09/2022,"-44.41","VIVA LEISURE MITCHELL AUS Card xx5767 Value Date: 15/09/2022","+8016.69"
15/09/2022,"-20.00","SQ *PARSA CYCLES Acton AU","+8061.10"
15/09/2022,"-30.00","TELSTRA PREPAID MELBOURNE VI AUS Card xx5767 Value Date: 13/09/2022","+8081.10"
14/09/2022,"+327.57","Salary ANU 7241110","+8111.10"
14/09/2022,"-7.98","THIRSTY CAMEL DAILY ACTON AU","+7783.53"
14/09/2022,"-3.50","THIRSTY CAMEL DAILY ACTON AU","+7791.51"
14/09/2022,"-28.44","THIRSTY CAMEL DAILY ACTON AC AUS Card xx5767 Value Date: 11/09/2022","+7795.01"
14/09/2022,"-19.35","STEAM PURCHASE SEATTLE DE DEU Card xx5767 AUD 19.35 Value Date: 10/09/2022","+7823.45"
14/09/2022,"-4.93","STEAM PURCHASE SEATTLE DE DEU Card xx5767 AUD 4.93 Value Date: 10/09/2022","+7842.80"
14/09/2022,"-54.60","MAMAK ROTI HOUSE CANBERRA AC AUS Card xx5767 Value Date: 11/09/2022","+7847.73"
13/09/2022,"-41.48","COLES 4787 CANBERRA AU AUS Card xx5767 Value Date: 09/09/2022","+7902.33"
12/09/2022,"+27.00","Fast Transfer From JIAHE QIAN Joseph","+7943.81"
10/09/2022,"-186.80","STEAMGAMES.COM 4259522 Hamburg DE DEU Card xx5767 AUD 186.80 Value Date: 07/09/2022","+7916.81"
09/09/2022,"-129.98","KATHMANDU PTY LIMITE CANBERRA AU Card xx5767","+8103.61"
09/09/2022,"-361.00","Transfer To Joe CommBank App Bike","+8233.59"
09/09/2022,"-69.95","EB GAMES CANBERRA ACTAU","+8594.59"
09/09/2022,"-11.10","THIRSTY CAMEL DAILY ACTON AC AUS Card xx5767 Value Date: 07/09/2022","+8664.54"
07/09/2022,"-3.99","THIRSTY CAMEL DAILY ACTON AC AUS Card xx5767 Value Date: 04/09/2022","+8675.64"
07/09/2022,"-8.32","THE ACT RGBY UN CL I TURNER AUS Card xx5767 Value Date: 03/09/2022","+8679.63"
07/09/2022,"-4.26","THE ACT RGBY UN CL I TURNER AUS Card xx5767 Value Date: 03/09/2022","+8687.95"
06/09/2022,"-24.71","DON JAPANESE AUSTRALIA VI AUS Card xx5767 Value Date: 02/09/2022","+8692.21"
06/09/2022,"-9.50","BADGER & CO CANBERRA AC AUS Card xx5767 Value Date: 03/09/2022","+8716.92"
06/09/2022,"-8.50","UBER *TRIP Sydney AU AUS Card xx5767 Value Date: 03/09/2022","+8726.42"
03/09/2022,"-5.47","The Food Co-op Shop a Canberra AU","+8734.92"
03/09/2022,"-14.75","COLES 4787 CANBERRA AU","+8740.39"
03/09/2022,"-10.00","THE LEGACY CLUB OF CAN DEAKIN AU","+8755.14"
02/09/2022,"-8.35","THIRSTY CAMEL DAILY ACTON AC AUS Card xx5767 Value Date: 31/08/2022","+8765.14"
02/09/2022,"-44.41","VIVA LEISURE MITCHELL AUS Card xx5767 Value Date: 01/09/2022","+8773.49"
01/09/2022,"-10.50","THIRSTY CAMEL DAILY ACTON AC AUS Card xx5767 Value Date: 30/08/2022","+8817.90"
31/08/2022,"+503.59","Salary ANU 7241110","+8828.40"
31/08/2022,"-9.49","THIRSTY CAMEL DAILY ACTON AC AUS Card xx5767 Value Date: 29/08/2022","+8324.81"
31/08/2022,"-1.75","THIRSTY CAMEL DAILY ACTON AC AUS Card xx5767 Value Date: 28/08/2022","+8334.30"
31/08/2022,"-12.15","THIRSTY CAMEL DAILY ACTON AC AUS Card xx5767 Value Date: 28/08/2022","+8336.05"
31/08/2022,"-10.24","THIRSTY CAMEL DAILY ACTON AC AUS Card xx5767 Value Date: 27/08/2022","+8348.20"
30/08/2022,"-27.40","BIG W 0122 CANBERRA AU AUS Card xx5767 Value Date: 26/08/2022","+8358.44"
30/08/2022,"-79.95","EB GAMES CANBERRA AUS Card xx5767 Value Date: 26/08/2022","+8385.84"
30/08/2022,"-56.00","Nintendo CA812357092 Scoresby AU AUS Card xx5767 Value Date: 27/08/2022","+8465.79"
27/08/2022,"-20.95","MR YUM* DON JAPANESE AUSTRALIA VI AUS Card xx5767 Value Date: 25/08/2022","+8521.79"
27/08/2022,"+5504.00","Return JOHN XXIII COLLEGE ACTON AUS Card xx5767 Value Date: 26/08/2022","+8542.74"
27/08/2022,"-5504.00","JOHN XXIII COLLEGE ACTON AUS Card xx5767 Value Date: 26/08/2022","+3038.74"
26/08/2022,"-170.00","KATHMANDU PTY LIMITE CANBERRA AU Card xx5767","+8542.74"
26/08/2022,"-69.99","ELITE SUPPS CANBERR CANBERRA AU","+8712.74"
26/08/2022,"-4.99","THIRSTY CAMEL DAILY ACTON AC AUS Card xx5767 Value Date: 24/08/2022","+8782.73"
25/08/2022,"-11.98","THIRSTY CAMEL DAILY ACTON AC AUS Card xx5767 Value Date: 23/08/2022","+8787.72"
24/08/2022,"-9.99","CLUB LIME ANU ACTON AC AUS Card xx5767 Value Date: 21/08/2022","+8799.70"
24/08/2022,"-5.50","THIRSTY CAMEL DAILY ACTON AC AUS Card xx5767 Value Date: 22/08/2022","+8809.69"
24/08/2022,"-7.99","THIRSTY CAMEL DAILY ACTON AC AUS Card xx5767 Value Date: 22/08/2022","+8815.19"
24/08/2022,"-3.50","THIRSTY CAMEL DAILY ACTON AC AUS Card xx5767 Value Date: 21/08/2022","+8823.18"
24/08/2022,"-8.98","THIRSTY CAMEL DAILY ACTON AC AUS Card xx5767 Value Date: 21/08/2022","+8826.68"
24/08/2022,"-8.00","THIRSTY CAMEL DAILY ACTON AC AUS Card xx5767 Value Date: 21/08/2022","+8835.66"
24/08/2022,"-13.50","CAFE MILLIGRAM KAMBR ACTON AC AUS Card xx5767 Value Date: 22/08/2022","+8843.66"
23/08/2022,"-74.44","VIVA LEISURE MITCHELL AUS Card xx5767 Value Date: 21/08/2022","+8857.16"
20/08/2022,"-10824.00","Transfer To Johns CommBank App Reader Dai Boyu","+8931.60"
20/08/2022,"-13.99","THIRSTY CAMEL DAILY ACTON AC AUS Card xx5767 Value Date: 18/08/2022","+19755.60"
19/08/2022,"-9.49","THIRSTY CAMEL DAILY ACTON AC AUS Card xx5767 Value Date: 17/08/2022","+19769.59"
18/08/2022,"-30.00","TELSTRA PREPAID MELBOURNE VI AUS Card xx5767 Value Date: 16/08/2022","+19779.08"
18/08/2022,"-317.90","2CO.COM*FL STUDIO / IM AMSTERDAM NL NLD Card xx5767 AUD 317.90 Value Date: 16/08/2022","+19809.08"
18/08/2022,"-467.40","DRI*Yamaha Cologne DE DEU Card xx5767 AUD 467.40 Value Date: 16/08/2022","+20126.98"
17/08/2022,"-11.59","THIRSTY CAMEL DAILY ACTON AC AUS Card xx5767 Value Date: 15/08/2022","+20594.38"
17/08/2022,"-11.87","THIRSTY CAMEL DAILY ACTON AC AUS Card xx5767 Value Date: 15/08/2022","+20605.97"
17/08/2022,"-15.89","eBay O*10-08982-60278 Sydney AU AUS Card xx5767 Value Date: 15/08/2022","+20617.84"
17/08/2022,"-13.50","CAFE MILLIGRAM KAMBR ACTON AC AUS Card xx5767 Value Date: 15/08/2022","+20633.73"
17/08/2022,"-16.99","NETFLIX COM MELBOURNE AUS Card xx5767 Value Date: 15/08/2022","+20647.23"
16/08/2022,"-13.99","THIRSTY CAMEL DAILY ACTON AC AUS Card xx5767 Value Date: 12/08/2022","+20664.22"
16/08/2022,"-60.76","OFFICEWORKS 0262 BRADDON AU AUS Card xx5767 Value Date: 12/08/2022","+20678.21"
16/08/2022,"-20.50","eBay O*24-08982-61828 Sydney AU AUS Card xx5767 Value Date: 12/08/2022","+20738.97"
16/08/2022,"-52.95","eBay O*24-08990-10958 Sydney AU AUS Card xx5767 Value Date: 14/08/2022","+20759.47"
12/08/2022,"-10.49","THIRSTY CAMEL DAILY ACTON AC AUS Card xx5767 Value Date: 10/08/2022","+20812.42"
12/08/2022,"-6.49","THIRSTY CAMEL DAILY ACTON AC AUS Card xx5767 Value Date: 09/08/2022","+20822.91"
11/08/2022,"-20.95","MR YUM* DON JAPANESE COLLINGWOOD VI AUS Card xx5767 Value Date: 09/08/2022","+20829.40"
11/08/2022,"-78.00","eBay O*06-08962-66458 Sydney AU AUS Card xx5767 Value Date: 09/08/2022","+20850.35"
10/08/2022,"-3.50","THIRSTY CAMEL DAILY ACTON AC AUS Card xx5767 Value Date: 08/08/2022","+20928.35"
10/08/2022,"-4.50","THIRSTY CAMEL DAILY ACTON AC AUS Card xx5767 Value Date: 07/08/2022","+20931.85"
09/08/2022,"-24.53","Nintendo CA800470052 Scoresby AU AUS Card xx5767 Value Date: 07/08/2022","+20936.35"
08/08/2022,"+1063.40","Direct Credit 522381 General Account Prepay 08.08.22","+20960.88"
06/08/2022,"-9.08","THIRSTY CAMEL DAILY ACTON AC AUS Card xx5767 Value Date: 04/08/2022","+19897.48"
05/08/2022,"-13.99","THIRSTY CAMEL DAILY ACTON AC AUS Card xx5767 Value Date: 03/08/2022","+19906.56"
03/08/2022,"-5.19","THIRSTY CAMEL DAILY ACTON AC AUS Card xx5767 Value Date: 01/08/2022","+19920.55"
03/08/2022,"-16.04","THIRSTY CAMEL DAILY ACTON AC AUS Card xx5767 Value Date: 30/07/2022","+19925.74"
03/08/2022,"-3.20","CantaloupeSystemsAustr Albion QL AUS Card xx5767 Value Date: 31/07/2022","+19941.78"
02/08/2022,"-4.50","RAIMERAH PTY LTD ACTON AU","+19944.98"
02/08/2022,"-15.10","BIG W 0122 CANBERRA AU AUS Card xx5767 Value Date: 29/07/2022","+19949.48"
02/08/2022,"-20.39","PADDLE.NET* GBLDELIGHT GREAT OAKLEY, LN GBR Card xx5767 AUD 20.39 Value Date: 29/07/2022","+19964.58"
02/08/2022,"-129.00","JB HI FI CANBERRA CI CANBERRA AC AUS Card xx5767 Value Date: 29/07/2022","+19984.97"
02/08/2022,"-88.98","JB HI FI CANBERRA CI CANBERRA AC AUS Card xx5767 Value Date: 29/07/2022","+20113.97"
02/08/2022,"-5.05","MOOSEHEADS PUB CANBERRA AU AUS Card xx5767 Value Date: 30/07/2022","+20202.95"
02/08/2022,"-16.16","MOOSEHEADS PUB CANBERRA AU AUS Card xx5767 Value Date: 30/07/2022","+20208.00"
02/08/2022,"-3.05","SMP*Dominos Pizza Can Canberra AU AUS Card xx5767 Value Date: 30/07/2022","+20224.16"
01/08/2022,"-4.50","RAIMERAH PTY LTD ACTON AU","+20227.21"
30/07/2022,"-5.19","THIRSTY CAMEL DAILY ACTON AC AUS Card xx5767 Value Date: 28/07/2022","+20231.71"
29/07/2022,"-7.70","FRESH JUICE BARS PTY L CANBERRA AU Card xx5767","+20236.90"
28/07/2022,"-25.00","Transfer To Huang Yueheng CommBank App Bill","+20244.60"
28/07/2022,"-157.50","ANU CommBank app BPAY 39545 260437241110","+20269.60"
28/07/2022,"-6000.00","ANU CommBank app BPAY 39545 260437241110","+20427.10"
28/07/2022,"-20.95","MR YUM* DON JAPANESE COLLINGWOOD VI AUS Card xx5767 Value Date: 26/07/2022","+26427.10"
27/07/2022,"-18000.00","ANU CommBank app BPAY 39545 260437241110 Bill","+26448.05"
27/07/2022,"-9.99","FS *stardock Amsterdam NL NLD Card xx5767 AUD 9.99 Value Date: 25/07/2022","+44448.05"
27/07/2022,"-70.00","PEARSON AUSTRALIA GROU DOCKLANDS VI AUS Card xx5767 Value Date: 23/07/2022","+44458.04"
26/07/2022,"-9.98","THIRSTY CAMEL DAILY ACTON AC AUS Card xx5767 Value Date: 22/07/2022","+44528.04"
26/07/2022,"-51.93","OFFICEWORKS 0262 BRADDON AU AUS Card xx5767 Value Date: 22/07/2022","+44538.02"
26/07/2022,"-32.75","eBay O*10-08898-62254 Sydney AU AUS Card xx5767 Value Date: 24/07/2022","+44589.95"
25/07/2022,"+39985.00","YIN HUA. REF 2022072500030572 BSB 062903","+44622.70"
25/07/2022,"-370.00","Transfer To Jim it soilmen CommBank App Computer fix","+4637.70"
22/07/2022,"-4.99","THIRSTY CAMEL DAILY ACTON AC AUS Card xx5767 Value Date: 20/07/2022","+5007.70"
22/07/2022,"-99.00","JB HI FI CANBERRA CI CANBERRA AC AUS Card xx5767 Value Date: 19/07/2022","+5012.69"
22/07/2022,"-24.99","QBD THE BOOKSHOP CANBERRA AUS Card xx5767 Value Date: 19/07/2022","+5111.69"
21/07/2022,"-46.95","eBay O*15-08879-78832 Sydney AU AUS Card xx5767 Value Date: 19/07/2022","+5136.68"
21/07/2022,"-30.00","TELSTRA PREPAID MELBOURNE VI AUS Card xx5767 Value Date: 19/07/2022","+5183.63"
21/07/2022,"-78.15","COLES 4787 CANBERRA AU AUS Card xx5767 Value Date: 19/07/2022","+5213.63"
21/07/2022,"-89.95","EB GAMES CANBERRA AUS Card xx5767 Value Date: 19/07/2022","+5291.78"
20/07/2022,"-35.90","ANU - Harry Hartog Acton AU","+5381.73"
16/07/2022,"-16.99","Netflix.com Melbourne VI AUS Card xx5767 Value Date: 15/07/2022","+5417.63"
15/07/2022,"-92.70","eBay O*05-08861-00100 Sydney AU AUS Card xx5767 Value Date: 13/07/2022","+5434.62"
15/07/2022,"-3.25","THIRSTY CAMEL DAILY ACTON AC AUS Card xx5767 Value Date: 13/07/2022","+5527.32"
13/07/2022,"-47.00","EB GAMES CANBERRA ACTAU","+5530.57"
13/07/2022,"-84.95","BIG W 0122 CANBERRA AU AUS Card xx5767 Value Date: 11/07/2022","+5577.57"
13/07/2022,"-13.00","LIQUORLAND 2433 CANBERRA AU AUS Card xx5767 Value Date: 11/07/2022","+5662.52"
13/07/2022,"-18.55","COLES 4787 CANBERRA AU AUS Card xx5767 Value Date: 11/07/2022","+5675.52"
13/07/2022,"-8.50","NSW TRAINS SYDNEY AUS Card xx5767 Value Date: 10/07/2022","+5694.07"
13/07/2022,"-10.50","NSW TRAINS SYDNEY AUS Card xx5767 Value Date: 10/07/2022","+5702.57"
13/07/2022,"-8.50","NSW TRAINS SYDNEY AUS Card xx5767 Value Date: 10/07/2022","+5713.07"
13/07/2022,"-74.95","DIGIDIRECT MELBOURNE AUS Card xx5767 Value Date: 09/07/2022","+5721.57"
12/07/2022,"-129.69","Countrylink Sydney NS AUS Card xx5767 Value Date: 08/07/2022","+5796.52"
12/07/2022,"-64.95","Critical Hit Pty Ltd Melbourne VI AUS Card xx5767 Value Date: 09/07/2022","+5926.21"
08/07/2022,"-136.90","Transfer To Joey Irene CommBank App Yesterday","+5991.16"
08/07/2022,"-18.50","WOOLWORTHS 3304 MELBOURNE AU AUS Card xx5767 Value Date: 06/07/2022","+6128.06"
08/07/2022,"-6.51","Downtown Grocer Melbourne VI AUS Card xx5767 Value Date: 06/07/2022","+6146.56"
08/07/2022,"-28.00","National Gallery of Vi Melbourne VI AUS Card xx5767 Value Date: 05/07/2022","+6153.07"
08/07/2022,"-12.20","SUSHI HUB QV MELBOURNE VI AUS Card xx5767 Value Date: 06/07/2022","+6181.07"
07/07/2022,"-3.50","Transfer To Kelly CommBank App Beverage_","+6193.27"
07/07/2022,"-100.00","Nintendo CA780313950 Scoresby AU AUS Card xx5767 Value Date: 05/07/2022","+6196.77"
07/07/2022,"-31.26","THAI TOWN MELBOURNE MELBOURNE AUS Card xx5767 Value Date: 04/07/2022","+6296.77"
07/07/2022,"-26.00","MYKI SWTN QNSBYTS SW7 CARLTON AUS Card xx5767 Value Date: 04/07/2022","+6328.03"
06/07/2022,"-16.50","Transfer To Zhe dog CommBank App Transfer for business","+6354.03"
06/07/2022,"-14.84","Transfer To HGY CommBank App Transfer for business","+6370.53"
06/07/2022,"-9.00","SUSHI HUB QV MELBOURNE VI AUS Card xx5767 Value Date: 02/07/2022","+6385.37"
06/07/2022,"-7.11","MACHI MACHI MELB MELBOURNE VI AUS Card xx5767 Value Date: 04/07/2022","+6394.37"
06/07/2022,"-2.99","SELENA STORE PTY LTD CARLTON AUS Card xx5767 Value Date: 03/07/2022","+6401.48"
05/07/2022,"-12.80","Transfer To zhu yi fei CommBank App Lunch","+6404.47"
05/07/2022,"-19.00","BIG W 0391 MELBOURNE AU AUS Card xx5767 Value Date: 01/07/2022","+6417.27"
05/07/2022,"-17.00","DS INTERNET CAFE Carlton VI AUS Card xx5767 Value Date: 01/07/2022","+6436.27"
05/07/2022,"-1.02","International Transaction Fee Value Date: 01/07/2022","+6453.27"
05/07/2022,"-33.93","eBay O*14-08811-05147 London GB GBR Card xx5767 GBP 19.20 Value Date: 01/07/2022","+6454.29"
05/07/2022,"-20.00","BIG W 0391 MELBOURNE AU AUS Card xx5767 Value Date: 02/07/2022","+6488.22"
05/07/2022,"-49.95","Critical Hit Pty Ltd Melbourne VI AUS Card xx5767 Value Date: 02/07/2022","+6508.22"
05/07/2022,"-1.00","7-ELEVEN 1146 CARLTON VI AUS Card xx5767 Value Date: 03/07/2022","+6558.17"
04/07/2022,"-40.00","Transfer To Joey Irene CommBank App Escape","+6559.17"
04/07/2022,"-43.90","Transfer To HGY CommBank App __","+6599.17"
03/07/2022,"-15.00","Transfer To HGY CommBank App Uber","+6643.07"
03/07/2022,"-4.00","AUSCART RACING PORT MELBOURNVICAU","+6658.07"
03/07/2022,"-50.00","AUSCART RACING PORT MELBOURNVICAU","+6662.07"
03/07/2022,"-10.00","Transfer To Huang Yueheng CommBank App Lunch","+6712.07"
02/07/2022,"-21.00","Transfer To Zhe dog CommBank App __","+6722.07"
02/07/2022,"-10.00","ZLR*Night Market1 Melbourne AU AUS Card xx5767 Value Date: 29/06/2022","+6743.07"
02/07/2022,"-5.80","Nintendo CA776361163 Scoresby AU AUS Card xx5767 Value Date: 30/06/2022","+6753.07"
02/07/2022,"-2.95","Nintendo CA776346847 Scoresby AU AUS Card xx5767 Value Date: 30/06/2022","+6758.87"
01/07/2022,"+27.20","Transfer From YUEHENG HUANG CREDIT TO ACCOUNT","+6761.82"
01/07/2022,"+13.61","Transfer From GAOYUAN HAO CREDIT TO ACCOUNT","+6734.62"
01/07/2022,"+13.61","Transfer From YUANZHE WANG Savings","+6721.01"
01/07/2022,"-68.07","Transfer To Kelly CommBank App __","+6707.40"
01/07/2022,"-16.33","Transfer To zhu yi fei CommBank App Lunch","+6775.47"
01/07/2022,"-13.05","WUWAWO INTERNATIONAL MELBOURNE VI AUS Card xx5767 Value Date: 28/06/2022","+6791.80"
30/06/2022,"-15.40","Transfer To Zhe dog CommBank App __","+6804.85"
30/06/2022,"-30.00","Melbourne Zoo Parkville AU AUS Card xx5767 Value Date: 28/06/2022","+6820.25"
29/06/2022,"-25.00","WILD WOMBATS AUSTRA MELBOURNE AU","+6850.25"
29/06/2022,"-20.00","SQ *ADK NIGHT MARKET Melbourne AU","+6875.25"
29/06/2022,"-34.68","Queensberry Hotel Carlton VI AUS Card xx5767 Value Date: 27/06/2022","+6895.25"
29/06/2022,"-103.80","THE PEN PLACE MELBOURNE VI AUS Card xx5767 Value Date: 27/06/2022","+6929.93"
29/06/2022,"-0.86","Nintendo CA774126051 Scoresby AU AUS Card xx5767 Value Date: 27/06/2022","+7033.73"
29/06/2022,"-30.00","Nintendo CA774095314 Scoresby AU AUS Card xx5767 Value Date: 27/06/2022","+7034.59"
29/06/2022,"-5.99","Nintendo CA774077903 Scoresby AU AUS Card xx5767 Value Date: 27/06/2022","+7064.59"
29/06/2022,"-7.98","Nintendo CA774075330 Scoresby AU AUS Card xx5767 Value Date: 27/06/2022","+7070.58"
29/06/2022,"-179.00","CRANBOURNE MUSIC MELBOURNE VI AUS Card xx5767 Value Date: 25/06/2022","+7078.56"
28/06/2022,"-87.46","WOOLWORTHS 3304 MELBOURNE AU AUS Card xx5767 Value Date: 24/06/2022","+7257.56"
28/06/2022,"-17.40","COLES 0602 MELBOURNE AU AUS Card xx5767 Value Date: 24/06/2022","+7345.02"
28/06/2022,"-20.00","Nintendo CA771814093 Scoresby AU AUS Card xx5767 Value Date: 24/06/2022","+7362.42"
28/06/2022,"-20.00","Nintendo CA771806755 Scoresby AU AUS Card xx5767 Value Date: 24/06/2022","+7382.42"
28/06/2022,"-4.00","NSW TRAINS SYDNEY AUS Card xx5767 Value Date: 23/06/2022","+7402.42"
28/06/2022,"-8.50","NSW TRAINS SYDNEY AUS Card xx5767 Value Date: 23/06/2022","+7406.42"
28/06/2022,"-5.00","SUSHI HUB QV MELBOURNE VI AUS Card xx5767 Value Date: 24/06/2022","+7414.92"
28/06/2022,"-30.60","Queensberry Hotel Carlton VI AUS Card xx5767 Value Date: 25/06/2022","+7419.92"
28/06/2022,"-13.17","Nintendo CA772760767 Scoresby AU AUS Card xx5767 Value Date: 25/06/2022","+7450.52"
28/06/2022,"-25.00","BWS LIQUOR 3878 MELBOURNE AU AUS Card xx5767 Value Date: 26/06/2022","+7463.69"
28/06/2022,"-20.00","Transfer To Zhe dog CommBank App Lunch","+7488.69"
27/06/2022,"-13.17","Transfer To HGY CommBank App Uber","+7508.69"
27/06/2022,"-50.00","PORT MELBOURNE GO KA PORT MELBOURNVICAU","+7521.86"
27/06/2022,"-18.80","Transfer To Zhe dog CommBank App __","+7571.86"
25/06/2022,"+8.00","Transfer From YUANZHE WANG Savings","+7590.66"
25/06/2022,"+28.00","Transfer From GAOYUAN HAO CREDIT TO ACCOUNT","+7582.66"
25/06/2022,"-21.20","UBER *TRIP Sydney AU AUS Card xx5767 Value Date: 23/06/2022","+7554.66"
25/06/2022,"-2.77","NSW TRAINS KINGSTON AC AUS Card xx5767 Value Date: 22/06/2022","+7575.86"
24/06/2022,"-13.50","TheGamesCapital Canberra AC AUS Card xx5767 Value Date: 21/06/2022","+7578.63"
24/06/2022,"-19.64","UBER *TRIP Sydney AU AUS Card xx5767 Value Date: 22/06/2022","+7592.13"
24/06/2022,"-20.24","UBER *TRIP Sydney AU AUS Card xx5767 Value Date: 22/06/2022","+7611.77"
23/06/2022,"-37.45","BIG W 0122 CANBERRA AU AUS Card xx5767 Value Date: 21/06/2022","+7632.01"
23/06/2022,"-8.85","MR YUM* DON JAPANESE COLLINGWOOD VI AUS Card xx5767 Value Date: 21/06/2022","+7669.46"
23/06/2022,"-23.90","MR YUM* DON JAPANESE COLLINGWOOD VI AUS Card xx5767 Value Date: 21/06/2022","+7678.31"
23/06/2022,"-30.00","TELSTRA PREPAID MELBOURNE VI AUS Card xx5767 Value Date: 21/06/2022","+7702.21"
23/06/2022,"-9.75","COLES 4787 CANBERRA AU AUS Card xx5767 Value Date: 21/06/2022","+7732.21"
22/06/2022,"-118.00","JB HI FI BELCONNEN BELCONNEN AC AUS Card xx5767 Value Date: 19/06/2022","+7741.96"
22/06/2022,"-160.00","5124-RailNinja Sliema ML MLT Card xx5767 AUD 160.00 Value Date: 20/06/2022","+7859.96"
22/06/2022,"-137.00","ACTGOV PAYMENT CMTEDD PHILLIP AUS Card xx5767 Value Date: 18/06/2022","+8019.96"
21/06/2022,"-163.43","OFFICEWORKS 0262 BRADDON AU AUS Card xx5767 Value Date: 17/06/2022","+8156.96"
21/06/2022,"-1.04","International Transaction Fee Value Date: 17/06/2022","+8320.39"
21/06/2022,"-34.76","WWW.MYMUSICSHEET.COM CHIYUUOUKU TO JPN Card xx5767 USD 24.00 Value Date: 18/06/2022","+8321.43"
21/06/2022,"-20.39","COLES 0779 BELCONNEN AU AUS Card xx5767 Value Date: 19/06/2022","+8356.19"
21/06/2022,"-439.85","Revolution CD Belconn Belconnen AC AUS Card xx5767 Value Date: 19/06/2022","+8376.58"
17/06/2022,"-17.00","eBay O*22-08748-01630 Sydney AU AUS Card xx5767 Value Date: 15/06/2022","+8816.43"
17/06/2022,"-39.95","Mojang AB Stockholm SW SWE Card xx5767 AUD 39.95 Value Date: 15/06/2022","+8833.43"
16/06/2022,"-2.99","THIRSTY CAMEL DAILY ACTON AC AUS Card xx5767 Value Date: 14/06/2022","+8873.38"
16/06/2022,"-16.99","Netflix.com Melbourne VI AUS Card xx5767 Value Date: 15/06/2022","+8876.37"
15/06/2022,"-5.89","THIRSTY CAMEL DAILY ACTON AC AUS Card xx5767 Value Date: 13/06/2022","+8893.36"
15/06/2022,"-5.89","THIRSTY CAMEL DAILY ACTON AC AUS Card xx5767 Value Date: 12/06/2022","+8899.25"
15/06/2022,"-4.99","THIRSTY CAMEL DAILY ACTON AC AUS Card xx5767 Value Date: 12/06/2022","+8905.14"
15/06/2022,"-10.19","THIRSTY CAMEL DAILY ACTON AC AUS Card xx5767 Value Date: 11/06/2022","+8910.13"
14/06/2022,"-2.68","THIRSTY CAMEL DAILY ACTON AC AUS Card xx5767 Value Date: 10/06/2022","+8920.32"
11/06/2022,"-3.99","THIRSTY CAMEL DAILY ACTON AC AUS Card xx5767 Value Date: 09/06/2022","+8923.00"
11/06/2022,"-20.90","UNIVERSITY PHARMACY ACTON AC AUS Card xx5767 Value Date: 09/06/2022","+8926.99"
11/06/2022,"-5.10","CRAFT BEANS CANBERRA AC AUS Card xx5767 Value Date: 09/06/2022","+8947.89"
11/06/2022,"-4.50","CRAFT BEANS CANBERRA AC AUS Card xx5767 Value Date: 09/06/2022","+8952.99"
09/06/2022,"-4.98","THIRSTY CAMEL DAILY ACTON AC AUS Card xx5767 Value Date: 07/06/2022","+8957.49"
08/06/2022,"-29.48","THIRSTY CAMEL DAILY ACTON AC AUS Card xx5767 Value Date: 04/06/2022","+8962.47"
07/06/2022,"-11.90","S SMITH ACTON AC AUS Card xx5767 Value Date: 02/06/2022","+8991.95"
07/06/2022,"-11.90","S SMITH ACTON AC AUS Card xx5767 Value Date: 02/06/2022","+9003.85"
07/06/2022,"-20.65","MR YUM* DON JAPANESE COLLINGWOOD VI AUS Card xx5767 Value Date: 04/06/2022","+9015.75"
04/06/2022,"-33.10","Transfer To Joe CommBank App __","+9036.40"
03/06/2022,"-4.50","COCA COLA AMATIL Acton AUS Card xx5767 Value Date: 01/06/2022","+9069.50"
02/06/2022,"-16.89","THIRSTY CAMEL DAILY ACTON AC AUS Card xx5767 Value Date: 31/05/2022","+9074.00"
01/06/2022,"-7.97","THIRSTY CAMEL DAILY ACTON AC AUS Card xx5767 Value Date: 30/05/2022","+9090.89"
31/05/2022,"-14.44","THIRSTY CAMEL DAILY ACTON AC AUS Card xx5767 Value Date: 27/05/2022","+9098.86"
31/05/2022,"-99.00","TAX FILE NUMBER ONLINE MAROUBRA NS AUS Card xx5767 Value Date: 27/05/2022","+9113.30"
26/05/2022,"-16.66","THIRSTY CAMEL DAILY ACTON AC AUS Card xx5767 Value Date: 24/05/2022","+9212.30"
26/05/2022,"-30.00","TELSTRA PREPAID MELBOURNE VI AUS Card xx5767 Value Date: 24/05/2022","+9228.96"
25/05/2022,"-17.09","MR YUM* DON JAPANESE COLLINGWOOD VI AUS Card xx5767 Value Date: 23/05/2022","+9258.96"
25/05/2022,"-13.47","THIRSTY CAMEL DAILY ACTON AC AUS Card xx5767 Value Date: 23/05/2022","+9276.05"
24/05/2022,"-44.99","THIRSTY CAMEL DAILY ACTON AC AUS Card xx5767 Value Date: 20/05/2022","+9289.52"
24/05/2022,"-6.00","SQ *TIKKA STAND FOOD Kingston AU AUS Card xx5767 Value Date: 21/05/2022","+9334.51"
24/05/2022,"-4.50","SQ *BLACK MAGIC COFFE Kingston AU AUS Card xx5767 Value Date: 21/05/2022","+9340.51"
24/05/2022,"-84.40","eBay O*13-08656-94791 Sydney AU AUS Card xx5767 Value Date: 22/05/2022","+9345.01"
21/05/2022,"-50.00","Transfer To ZZL CommBank App __","+9429.41"
20/05/2022,"-6.00","CAMPUS BAKERY ACTON AU Card xx5767","+9479.41"
20/05/2022,"-11.30","SQ *URBAN BY ASIAN TIG Acton AU","+9485.41"
20/05/2022,"-66.45","ANU - Harry Hartog Acton AU","+9496.71"
20/05/2022,"-99.00","ANU - Harry Hartog Acton AU","+9563.16"
20/05/2022,"-7.67","THIRSTY CAMEL DAILY ACTON AC AUS Card xx5767 Value Date: 18/05/2022","+9662.16"
20/05/2022,"-50.98","eBay O*16-08641-54704 Sydney AU AUS Card xx5767 Value Date: 18/05/2022","+9669.83"
18/05/2022,"-17.59","MR YUM* DON JAPANESE COLLINGWOOD VI AUS Card xx5767 Value Date: 16/05/2022","+9720.81"
18/05/2022,"-8.91","THIRSTY CAMEL DAILY ACTON AC AUS Card xx5767 Value Date: 15/05/2022","+9738.40"
17/05/2022,"-54.99","SQ *PARSA CYCLES Acton AU AUS Card xx5767 Value Date: 13/05/2022","+9747.31"
17/05/2022,"-16.99","NETFLIX.COM Melbourne AU AUS Card xx5767 Value Date: 15/05/2022","+9802.30"
12/05/2022,"-10.11","QT CANBERRA CANBERRA AU Card xx5767","+9819.29"
12/05/2022,"-18.69","SQ *DON JAPANESE REST Canberra AU AUS Card xx5767 Value Date: 09/05/2022","+9829.40"
11/05/2022,"-8.50","CAMPUS BAKERY ACTON AU Card xx5767","+9848.09"
11/05/2022,"-6.74","THIRSTY CAMEL DAILY ACTON AC AUS Card xx5767 Value Date: 08/05/2022","+9856.59"
10/05/2022,"-7.59","THIRSTY CAMEL DAILY ACTON AC AUS Card xx5767 Value Date: 06/05/2022","+9863.33"
10/05/2022,"-33.50","BIG W 0122 CANBERRA AU AUS Card xx5767 Value Date: 07/05/2022","+9870.92"
07/05/2022,"-130.00","EB *John XXIII Ball 20 801-413-7200 VI AUS Card xx5767 Value Date: 05/05/2022","+9904.42"
07/05/2022,"-13.89","eBay O*07-08591-52362 Sydney AU AUS Card xx5767 Value Date: 05/05/2022","+10034.42"
06/05/2022,"-50.00","SQ *PARSA CYCLES Acton AU AUS Card xx5767 Value Date: 03/05/2022","+10048.31"
04/05/2022,"-7.18","THIRSTY CAMEL DAILY ACTON AC AUS Card xx5767 Value Date: 01/05/2022","+10098.31"
03/05/2022,"-155.99","Transfer To Panda Remit CommBank App Transfer for business","+10105.49"
02/05/2022,"-26.60","Transfer To Jack 2100 Teamate CommBank App Lunch","+10261.48"
30/04/2022,"-84.99","SQ *PARSA CYCLES Acton AU AUS Card xx5767 Value Date: 27/04/2022","+10288.08"
29/04/2022,"-11.51","THIRSTY CAMEL DAILY ACTON AC AUS Card xx5767 Value Date: 27/04/2022","+10373.07"
29/04/2022,"-202.87","SQ *PARSA CYCLES Canberra AU AUS Card xx5767 Value Date: 26/04/2022","+10384.58"
29/04/2022,"-29.99","SQ *PARSA CYCLES Acton AU AUS Card xx5767 Value Date: 26/04/2022","+10587.45"
28/04/2022,"-30.00","TELSTRA PREPAID MELBOURNE VI AUS Card xx5767 Value Date: 26/04/2022","+10617.44"
27/04/2022,"-82.70","eBay O*03-08541-47542 Sydney AU AUS Card xx5767 Value Date: 22/04/2022","+10647.44"
27/04/2022,"-9.50","Coffee Lab ANU ACTON AC AUS Card xx5767 Value Date: 24/04/2022","+10730.14"
27/04/2022,"-5.99","THIRSTY CAMEL DAILY ACTON AC AUS Card xx5767 Value Date: 24/04/2022","+10739.64"
22/04/2022,"-10.90","THIRSTY CAMEL DAILY ACTON AC AUS Card xx5767 Value Date: 20/04/2022","+10745.63"
22/04/2022,"-70.00","JOHN XXIII COLLEGE ACTON AUS Card xx5767 Value Date: 20/04/2022","+10756.53"
21/04/2022,"+30.50","Return eBay O*13-08512-40300 Sydney AU AUS Card xx5767 Value Date: 19/04/2022","+10826.53"
20/04/2022,"-16.99","NETFLIX.COM Melbourne AU AUS Card xx5767 Value Date: 15/04/2022","+10796.03"
20/04/2022,"-30.50","eBay O*13-08512-40300 Sydney AU AUS Card xx5767 Value Date: 15/04/2022","+10813.02"
20/04/2022,"-24.99","GOOGLE*YOUTUBE VIDEOS SYDNEY AU AUS Card xx5767 Value Date: 15/04/2022","+10843.52"
20/04/2022,"-40.67","OFFICEWORKS 0262 BRADDON AU AUS Card xx5767 Value Date: 16/04/2022","+10868.51"
20/04/2022,"-8.95","eBay O*19-08519-92044 Sydney AU AUS Card xx5767 Value Date: 18/04/2022","+10909.18"
20/04/2022,"-12.70","THIRSTY CAMEL DAILY ACTON AC AUS Card xx5767 Value Date: 18/04/2022","+10918.13"
20/04/2022,"-6.64","International Transaction Fee Value Date: 18/04/2022","+10930.83"
20/04/2022,"-221.49","eBay O*24-08534-63231 San Jose CA USA Card xx5767 USD 163.71 Value Date: 18/04/2022","+10937.47"
20/04/2022,"-6.98","THIRSTY CAMEL DAILY ACTON AC AUS Card xx5767 Value Date: 16/04/2022","+11158.96"
16/04/2022,"-6.00","RICE&NORI CANBERRA AU","+11165.94"
13/04/2022,"-7.14","THIRSTY CAMEL DAILY ACTON AC AUS Card xx5767 Value Date: 11/04/2022","+11171.94"
13/04/2022,"-22.05","THIRSTY CAMEL DAILY ACTON AC AUS Card xx5767 Value Date: 10/04/2022","+11179.08"
12/04/2022,"-11.56","THIRSTY CAMEL DAILY ACTON AC AUS Card xx5767 Value Date: 08/04/2022","+11201.13"
08/04/2022,"-12.89","eBay O*21-08473-15947 Sydney AU AUS Card xx5767 Value Date: 06/04/2022","+11212.69"
08/04/2022,"-4.99","eBay O*20-08473-42050 Sydney AU AUS Card xx5767 Value Date: 06/04/2022","+11225.58"
06/04/2022,"-2.99","THIRSTY CAMEL DAILY ACTON AC AUS Card xx5767 Value Date: 04/04/2022","+11230.57"
06/04/2022,"-18.39","THIRSTY CAMEL DAILY ACTON AC AUS Card xx5767 Value Date: 02/04/2022","+11233.56"
05/04/2022,"-10.18","THIRSTY CAMEL DAILY ACTON AC AUS Card xx5767 Value Date: 01/04/2022","+11251.95"
05/04/2022,"-58.00","BIG W 0122 CANBERRA AC AUS Card xx5767 Value Date: 02/04/2022","+11262.13"
05/04/2022,"-14.03","MR YUM* DON JAPANESE COLLINGWOOD VI AUS Card xx5767 Value Date: 02/04/2022","+11320.13"
05/04/2022,"-13.50","COLES 4787 CANBERRA AU AUS Card xx5767 Value Date: 02/04/2022","+11334.16"
05/04/2022,"-34.95","eBay O*11-08459-64314 Sydney AU AUS Card xx5767 Value Date: 02/04/2022","+11347.66"
04/04/2022,"-190.00","NUAN CANG PTY LTD KINGSTON AU Card xx5767","+11382.61"
02/04/2022,"-9.00","THIRSTY CAMEL DAILY ACTON AC AUS Card xx5767 Value Date: 31/03/2022","+11572.61"
01/04/2022,"+985.00","YIN HUA. REF 2022040100016428 BSB062903","+11581.61"
01/04/2022,"+9985.00","YIN HUA. REF 2022040100002864","+10596.61"
01/04/2022,"-3.00","THIRSTY CAMEL DAILY ACTON AC AUS Card xx5767 Value Date: 30/03/2022","+611.61"
01/04/2022,"-30.00","TELSTRA PREPAID MELBOURNE VI AUS Card xx5767 Value Date: 30/03/2022","+614.61"
01/04/2022,"-8.95","eBay O*17-08444-11400 Sydney AU AUS Card xx5767 Value Date: 30/03/2022","+644.61"
31/03/2022,"+600.00","CASH DEPOSIT CBA ATM AUST NAT UNI A ACT 290301 AUS","+653.56"
31/03/2022,"-10.70","eBay O*07-08446-11756 Sydney AU AUS Card xx5767 Value Date: 30/03/2022","+53.56"
30/03/2022,"-24.06","THIRSTY CAMEL DAILY ACTON AC AUS Card xx5767 Value Date: 28/03/2022","+64.26"
30/03/2022,"-7.00","THIRSTY CAMEL DAILY ACTON AC AUS Card xx5767 Value Date: 28/03/2022","+88.32"
30/03/2022,"-14.25","eBay O*17-08435-61596 Sydney AU AUS Card xx5767 Value Date: 28/03/2022","+95.32"
30/03/2022,"-7.18","THIRSTY CAMEL DAILY ACTON AC AUS Card xx5767 Value Date: 26/03/2022","+109.57"
30/03/2022,"-16.99","eBay O*26-08429-39122 Sydney AU AUS Card xx5767 Value Date: 27/03/2022","+116.75"
29/03/2022,"-4.99","THIRSTY CAMEL DAILY ACTON AC AUS Card xx5767 Value Date: 25/03/2022","+133.74"
29/03/2022,"-100.00","ANU SPORT AND RECREA AUSTRALIAN NA AUS Card xx5767 Value Date: 26/03/2022","+138.73"
28/03/2022,"-15.02","LOCAL FAVOUR PTY LTD CANBERRA AU Card xx5767","+238.73"
25/03/2022,"-21.35","eBay O*03-08419-61218 Sydney AU AUS Card xx5767 Value Date: 23/03/2022","+253.75"
24/03/2022,"+150.00","CASH DEPOSIT CBA ATM AUST NAT UNI A ACT 290301 AUS","+275.10"
24/03/2022,"-27.45","Blizzard Entertainment Schiphol-Rijk NL NLD Card xx5767 AUD 27.45 Value Date: 22/03/2022","+125.10"
23/03/2022,"-12.65","THIRSTY CAMEL DAILY ACTON AC AUS Card xx5767 Value Date: 19/03/2022","+152.55"
23/03/2022,"-89.00","eBay O*21-08401-00044 Sydney AU AUS Card xx5767 Value Date: 20/03/2022","+165.20"
23/03/2022,"-28.80","eBay O*05-08405-68206 Sydney AU AUS Card xx5767 Value Date: 20/03/2022","+254.20"
22/03/2022,"-17.00","PADDLE.NET*GBLDELIGHT London GBR Card xx5767 AUD 17.00 Value Date: 19/03/2022","+283.00"
19/03/2022,"+300.00","CASH DEPOSIT CBA ATM AUST NAT UNI A ACT 290301 AUS","+300.00"
